% Encoding: UTF-8

@InCollection{Pardalos1995,
  author    = {P. M. Pardalos and L. S. Pitsoulis and M. G. C. Resende},
  title     = {A Parallel Grasp Implementation for the Quadratic Assignment Problem},
  booktitle = {Parallel Algorithms for Irregular Problems: State of the Art},
  year      = {1995},
  publisher = {Springer {US}},
  pages     = {115--133},
  doi       = {10.1007/978-1-4757-6130-6_6},
}

@Article{Feo1995,
  author    = {Thomas A. Feo and Mauricio G. C. Resende},
  title     = {Greedy Randomized Adaptive Search Procedures},
  journal   = {Journal of Global Optimization},
  year      = {1995},
  volume    = {6},
  number    = {2},
  pages     = {109--133},
  doi       = {10.1007/bf01096763},
  publisher = {Springer Science and Business Media {LLC}},
}

@Book{Burkard2012,
  author    = {Rainer Burkard and Mauro Dell{\textquotesingle}Amico and Silvano Martello},
  title     = {Assignment Problems},
  year      = {2012},
  publisher = {Society for Industrial and Applied Mathematics},
  doi       = {10.1137/1.9781611972238},
  month     = {1},
}

@Article{Koopmans1957,
  author    = {Tjalling C. Koopmans and Martin Beckmann},
  title     = {Assignment Problems and the Location of Economic Activities},
  journal   = {Econometrica},
  year      = {1957},
  volume    = {25},
  number    = {1},
  month     = {1},
  pages     = {53},
  doi       = {10.2307/1907742},
  publisher = {{JSTOR}},
}

@Article{Gambardella1999,
  author    = {L M Gambardella and D Taillard and M Dorigo},
  title     = {Ant colonies for the quadratic assignment problem},
  journal   = {Journal of the Operational Research Society},
  year      = {1999},
  volume    = {50},
  number    = {2},
  month     = {1},
  pages     = {167--176},
  doi       = {10.1057/palgrave.jors.2600676},
  publisher = {Informa {UK} Limited},
}

@InCollection{Finke1987,
  author    = {Gerd Finke and Rainer E. Burkard and Franz Rendl},
  title     = {Quadratic Assignment Problems},
  booktitle = {Surveys in Combinatorial Optimization},
  year      = {1987},
  publisher = {Elsevier},
  pages     = {61--82},
  doi       = {10.1016/s0304-0208(08)73232-8},
}

@Article{Steinberg1961,
  author    = {Leon Steinberg},
  title     = {The Backboard Wiring Problem: A Placement Algorithm},
  journal   = {{SIAM} Review},
  year      = {1961},
  volume    = {3},
  number    = {1},
  month     = {1},
  pages     = {37--50},
  doi       = {10.1137/1003003},
  publisher = {Society for Industrial {\&} Applied Mathematics ({SIAM})},
}

@Article{Elshafei_1977,
  author    = {Alwalid N. Elshafei},
  title     = {Hospital Layout as a Quadratic Assignment Problem},
  doi       = {10.2307/3008789},
  number    = {1},
  pages     = {167},
  volume    = {28},
  journal   = {Operational Research Quarterly (1970-1977)},
  publisher = {{JSTOR}},
  year      = {1977},
}

@Article{Talbi_2009,
  author    = {El-Ghazali Talbi},
  title     = {Metaheuristics},
  doi       = {10.1002/9780470496916},
  month     = {jun},
  publisher = {John Wiley {\&} Sons, Inc.},
  year      = {2009},
}

@Article{Skorin_Kapov_1990,
  author    = {Jadranka Skorin-Kapov},
  title     = {Tabu Search Applied to the Quadratic Assignment Problem},
  doi       = {https://doi.org/10.1287/ijoc.2.1.33},
  number    = {1},
  pages     = {33--45},
  volume    = {2},
  journal   = {{ORSA} Journal on Computing},
  month     = {feb},
  publisher = {Institute for Operations Research and the Management Sciences ({INFORMS})},
  year      = {1990},
}

@Article{Taillard_1991,
  author    = {E. Taillard},
  title     = {Robust taboo search for the quadratic assignment problem},
  doi       = {https://doi.org/10.1016/S0167-8191(05)80147-4},
  number    = {4-5},
  pages     = {443--455},
  volume    = {17},
  journal   = {Parallel Computing},
  month     = {jul},
  publisher = {Elsevier {BV}},
  year      = {1991},
}

@Article{Battiti_1996,
  author    = {Roberto Battiti and Giampietro Tecchiolli},
  title     = {The continuous reactive tabu search: Blending combinatorial optimization and stochastic search for global optimization},
  doi       = {https://doi.org/10.1007/BF02125453},
  number    = {2},
  pages     = {151--188},
  volume    = {63},
  journal   = {Annals of Operations Research},
  month     = {apr},
  publisher = {Springer Science and Business Media {LLC}},
  year      = {1996},
}

@Article{Bravo_Ferreira_2017,
  author    = {Jos{\'{e}} F. S. Bravo Ferreira and Yuehaw Khoo and Amit Singer},
  title     = {Semidefinite programming approach for the quadratic assignment problem with a sparse graph},
  doi       = {https://doi.org/10.1007/s10589-017-9968-8},
  number    = {3},
  pages     = {677--712},
  volume    = {69},
  journal   = {Computational Optimization and Applications},
  month     = {nov},
  publisher = {Springer Science and Business Media {LLC}},
  year      = {2017},
}

@Article{FelipeOrtega1989,
  author    = {Felipe Ortega, Angel},
  title     = {Multiobjective quadratic assignment problem.},
  doi       = {https://doi.org/10.1007/BF02888341},
  language  = {spa},
  number    = {1},
  pages     = {61-82},
  url       = {http://eudml.org/doc/40606},
  volume    = {4},
  abstract  = {Se define la versión multiobjetivo del Problema de Asignación Cuadrática. Se muestran los inconvenientes de la técnica de ponderación de objetivos y se desarrollan algoritmos locales bajo las metodologías de soluciones eficientes, lexicográficas y equilibradas mediante la generalización de los procedimientos r-óptimos al caso multidimensional. Se recogen resultados computacionales sobre los algoritmos propuestos.},
  journal   = {Trabajos de Investigación Operativa},
  keywords  = {Programación multiobjetivo; Algoritmos; Asignación cuadrática; multiobjective quadratic assignment problem; local algorithms; r-optimum procedures},
  month     = {dec},
  publisher = {Springer Science and Business Media {LLC}},
  year      = {1989},
}

@Article{Sahni_1976,
  author    = {Sartaj Sahni and Teofilo Gonzalez},
  title     = {P-Complete Approximation Problems},
  doi       = {10.1145/321958.321975},
  number    = {3},
  pages     = {555--565},
  volume    = {23},
  journal   = {Journal of the {ACM} ({JACM})},
  month     = {jul},
  publisher = {Association for Computing Machinery ({ACM})},
  year      = {1976},
}

@Article{QAPLIB,
  author    = {Rainer E. Burkard and Stefan E. Karisch and Franz Rendl},
  title     = {{QAPLIB – A Quadratic Assignment Problem Library}},
  doi       = {https://doi.org/10.1023/A:1008293323270},
  number    = {4},
  pages     = {391--403},
  volume    = {10},
  journal   = {Journal of Global Optimization},
  publisher = {Springer Science and Business Media {LLC}},
  year      = {1997},
}

@Article{Lawler1963,
  author    = {Eugene L. Lawler},
  title     = {The Quadratic Assignment Problem},
  doi       = {10.1287/mnsc.9.4.586},
  number    = {4},
  pages     = {586--599},
  volume    = {9},
  journal   = {Management Science},
  month     = {jul},
  publisher = {Institute for Operations Research and the Management Sciences ({INFORMS})},
  year      = {1963},
}

@Article{Kirkpatrick1983,
  author    = {S. Kirkpatrick and C. D. Gelatt and M. P. Vecchi},
  title     = {Optimization by Simulated Annealing},
  doi       = {10.1126/science.220.4598.671},
  number    = {4598},
  pages     = {671--680},
  volume    = {220},
  journal   = {Science},
  month     = {may},
  publisher = {American Association for the Advancement of Science ({AAAS})},
  year      = {1983},
}

@Article{Maniezzo1999,
  author    = {V. Maniezzo and A. Colorni},
  title     = {The ant system applied to the quadratic assignment problem},
  doi       = {10.1109/69.806935},
  number    = {5},
  pages     = {769--778},
  volume    = {11},
  journal   = {{IEEE} Transactions on Knowledge and Data Engineering},
  publisher = {Institute of Electrical and Electronics Engineers ({IEEE})},
  year      = {1999},
}

@WWW{Mazzoli2020,
  author       = {Tommaso Mannelli Mazzoli},
  date         = {2020},
  title        = {QAP},
  url          = {https://github.com/Tommaso-Mannelli-Mazzoli/QAP},
  organization = {GitHub},
  commit       = {4f57d6a0e4c030202a07a60bc1bb1ed1544bf679},
  howpublished = {\url{https://github.com/charlespwd/project-title}},
  journal      = {GitHub repository},
  publisher    = {GitHub},
  year         = {2020},
}

@Article{Mladenovic1997,
  author    = {N. Mladenovic and P. Hansen},
  title     = {Variable neighborhood search},
  doi       = {10.1016/s0305-0548(97)00031-2},
  number    = {11},
  pages     = {1097--1100},
  volume    = {24},
  journal   = {Computers and Operations Research},
  month     = {nov},
  publisher = {Elsevier {BV}},
  year      = {1997},
}

@Book{Gendreau2019,
  author    = {Gendreau, M. {\&} Potvin},
  title     = {Handbook of Metaheuristics},
  doi       = {10.1007/978-3-319-91086-4},
  editor    = {Michel Gendreau and Jean-Yves Potvin},
  publisher = {Springer International Publishing},
  year      = {2019},
}

@Article{Goss1989,
  author    = {S. Goss and S. Aron and J. L. Deneubourg and J. M. Pasteels},
  title     = {Self-organized shortcuts in the Argentine ant},
  doi       = {10.1007/bf00462870},
  number    = {12},
  pages     = {579--581},
  volume    = {76},
  journal   = {Naturwissenschaften},
  month     = {dec},
  publisher = {Springer Science and Business Media {LLC}},
  year      = {1989},
}

@Article{Taillard1995,
  author    = {{\'{E}}ric D. Taillard},
  title     = {Comparison of iterative searches for the quadratic assignment problem},
  doi       = {10.1016/0966-8349(95)00008-6},
  number    = {2},
  pages     = {87--105},
  volume    = {3},
  journal   = {Location Science},
  month     = {aug},
  publisher = {Elsevier {BV}},
  year      = {1995},
}

@InProceedings{Kim2001,
  author = {B. Kim and Jaeik Shim and Min Zhang},
  title  = {Comparison of TSP Algorithms Project for Models in Facilities Planning and Materials Handling December 1998},
  url    = {https://pja.mykhi.org/4sem/NAI/rozne/Comparison of TSP Algorithms/Comparison of TSP Algorithms.PDF},
  year   = {2001},
}

@Article{Burkard1983,
  author    = {Rainer E. Burkard and Tilman Bönniger},
  title     = {A heuristic for quadratic Boolean programs with applications to quadratic assignment problems},
  doi       = {10.1016/0377-2217(83)90097-8},
  number    = {4},
  pages     = {374--386},
  volume    = {13},
  journal   = {European Journal of Operational Research},
  month     = {aug},
  publisher = {Elsevier {BV}},
  year      = {1983},
}

@Article{Heider1973,
  author    = {Charles H. Heider},
  title     = {Ann-step, 2-variable search algorithm for the component placement problem},
  doi       = {10.1002/nav.3800200409},
  number    = {4},
  pages     = {699--724},
  volume    = {20},
  journal   = {Naval Research Logistics Quarterly},
  month     = {dec},
  publisher = {Wiley},
  year      = {1973},
}

@Article{Weisstein,
  author       = {Weisstein, Eric W.},
  journaltitle = {MathWorld--A Wolfram Web Resource.},
  title        = {Derangement},
  url          = {https://mathworld.wolfram.com/Derangement.html},
}

@Article{Croes1958,
  author    = {G. A. Croes},
  title     = {A Method for Solving Traveling-Salesman Problems},
  doi       = {10.1287/opre.6.6.791},
  number    = {6},
  pages     = {791--812},
  volume    = {6},
  journal   = {Operations Research},
  month     = {dec},
  publisher = {Institute for Operations Research and the Management Sciences ({INFORMS})},
  year      = {1958},
}

@Article{Glover1986,
  author    = {Fred Glover},
  title     = {Future paths for integer programming and links to artificial intelligence},
  doi       = {10.1016/0305-0548(86)90048-1},
  number    = {5},
  pages     = {533--549},
  volume    = {13},
  journal   = {Computers {\&} Operations Research},
  month     = {jan},
  publisher = {Elsevier {BV}},
  year      = {1986},
}

@InCollection{Glover1997,
  author    = {Fred Glover and Manuel Laguna},
  booktitle = {Tabu Search},
  title     = {Tabu Search Principles},
  doi       = {10.1007/978-1-4615-6089-0_5},
  pages     = {125--151},
  publisher = {Springer {US}},
  year      = {1997},
}

@InCollection{Marti2007,
  author    = {Rafael Marti and Manuel Laguna and Fred Glover},
  booktitle = {Handbook of Approximation Algorithms and Metaheuristics},
  title     = {Principles of Tabu Search},
  doi       = {10.1201/9781420010749.ch23},
  pages     = {23--1--23--12},
  publisher = {Chapman and Hall/{CRC}},
  month     = {may},
  year      = {2007},
}

@Article{Misevicius2011,
  author    = {Alfonsas Misevicius},
  title     = {An implementation of the iterated tabu search algorithm for the quadratic assignment problem},
  doi       = {10.1007/s00291-011-0274-z},
  number    = {3},
  pages     = {665--690},
  volume    = {34},
  journal   = {{OR} Spectrum},
  month     = {oct},
  publisher = {Springer Science and Business Media {LLC}},
  year      = {2011},
}

@Book{Magnus1999,
  author    = {Magnus, Jan},
  title     = {Matrix differential calculus with applications in statistics and econometrics},
  isbn      = {0471986321},
  publisher = {John Wiley},
  address   = {New York},
  year      = {1999},
}

@Article{Burkard1977,
  author    = {R. E. Burkard and J. Offermann},
  title     = {Entwurf von Schreibmaschinentastaturen mittels quadratischer Zuordnungsprobleme},
  doi       = {10.1007/bf01918175},
  number    = {4},
  pages     = {B121--B132},
  volume    = {21},
  journal   = {Zeitschrift für Operations Research},
  month     = {aug},
  publisher = {Springer Science and Business Media {LLC}},
  year      = {1977},
}

@Article{Eiselt1991,
  author    = {H. A. Eiselt and Gilbert Laporte},
  title     = {A Combinatorial Optimization Problem Arising in Dartboard Design},
  doi       = {10.1057/jors.1991.21},
  number    = {2},
  pages     = {113--118},
  volume    = {42},
  journal   = {Journal of the Operational Research Society},
  month     = {feb},
  publisher = {Informa {UK} Limited},
  year      = {1991},
}

@Article{DellAmico2009,
  author    = {Mauro Dell'Amico and Jos{\'{e}} Carlos D{\'{\i}}az D{\'{\i}}az and Manuel Iori and Roberto Montanari},
  title     = {The single-finger keyboard layout problem},
  doi       = {10.1016/j.cor.2009.01.018},
  number    = {11},
  pages     = {3002--3012},
  volume    = {36},
  journal   = {Computers {\&} Operations Research},
  month     = {nov},
  publisher = {Elsevier {BV}},
  year      = {2009},
}

@InCollection{Krarup1978,
  author    = {Jakob Krarup and Peter Mark Pruzan},
  booktitle = {Mathematical Programming in Use},
  title     = {Computer-aided layout design},
  doi       = {10.1007/bfb0120827},
  pages     = {75--94},
  publisher = {Springer Berlin Heidelberg},
  year      = {1978},
}

@Book{MuellerMerbach1970,
  author    = {Heiner Müller-Merbach},
  title     = {Optimale Reihenfolgen},
  doi       = {10.1007/978-3-642-87727-8},
  publisher = {Springer Berlin Heidelberg},
  year      = {1970},
}

@Book{Farahani2009,
  title     = {Facility Location},
  doi       = {10.1007/978-3-7908-2151-2},
  editor    = {Reza Zanjirani Farahani and Masoud Hekmatfar},
  publisher = {Physica-Verlag {HD}},
  year      = {2009},
}

@Article{Brusco2000,
  author    = {M.J. Brusco and S. Stahl},
  title     = {Using Quadratic Assignment Methods to Generate Initial Permutations for Least-Squares Unidimensional Scaling of Symmetric Proximity Matrices},
  doi       = {10.1007/s003570000019},
  number    = {2},
  pages     = {197--223},
  volume    = {17},
  journal   = {Journal of Classification},
  month     = {jul},
  publisher = {Springer Science and Business Media {LLC}},
  year      = {2000},
}

@Article{Bos1993,
  author    = {Jan Bos},
  title     = {Zoning in Forest Management: a Quadratic Assignment Problem Solved by Simulated Annealing},
  doi       = {10.1006/jema.1993.1010},
  number    = {2},
  pages     = {127--145},
  volume    = {37},
  journal   = {Journal of Environmental Management},
  month     = {feb},
  publisher = {Elsevier {BV}},
  year      = {1993},
}

@InProceedings{CarvalhoJr2006,
  author       = {Carvalho Jr, Sergio A de and Rahmann, Sven},
  booktitle    = {German Conference on Bioinformatics},
  title        = {Microarray layout as quadratic assignment problem},
  organization = {Gesellschaft f{\"u}r Informatik eV},
  year         = {2006},
}

@Article{Geoffrion1976,
  author    = {A. M. Geoffrion and G. W. Graves},
  title     = {Scheduling Parallel Production Lines with Changeover Costs: Practical Application of a Quadratic Assignment/{LPApproach}},
  doi       = {10.1287/opre.24.4.595},
  number    = {4},
  pages     = {595--610},
  volume    = {24},
  journal   = {Operations Research},
  month     = {aug},
  publisher = {Institute for Operations Research and the Management Sciences ({INFORMS})},
  year      = {1976},
}

@Book{Cela1998,
  author    = {Eranda {\c{C}}ela},
  title     = {The Quadratic Assignment Problem},
  doi       = {10.1007/978-1-4757-2787-6},
  publisher = {Springer {US}},
  year      = {1998},
}

@InProceedings{Feng2015,
  author    = {Xiongfeng Feng and Qiang Su},
  booktitle = {2015 12th International Conference on Service Systems and Service Management ({ICSSSM})},
  title     = {An applied case of quadratic assignment problem in hospital department layout},
  doi       = {10.1109/icsssm.2015.7170278},
  publisher = {{IEEE}},
  month     = {jun},
  year      = {2015},
}

@Article{Helber2015,
  author    = {Stefan Helber and Daniel Böhme and Farid Oucherif and Svenja Lagershausen and Steffen Kasper},
  title     = {A hierarchical facility layout planning approach for large and complex hospitals},
  doi       = {10.1007/s10696-015-9214-6},
  number    = {1-2},
  pages     = {5--29},
  volume    = {28},
  journal   = {Flexible Services and Manufacturing Journal},
  month     = {feb},
  publisher = {Springer Science and Business Media {LLC}},
  year      = {2015},
}

@Comment{jabref-meta: databaseType:biblatex;}
